<?xml version="1.0" encoding="UTF-8"?><collection xmlns="http://www.loc.gov/MARC21/slim"><record><leader>00517nam--2200181-i-4500</leader><controlfield tag="001">000012189</controlfield><controlfield tag="002">20161230</controlfield><controlfield tag="005">20161230201029</controlfield><controlfield tag="008">060222s1000------------r-----000-0-fre-d</controlfield><datafield ind1=" " ind2=" " tag="040"><subfield code="a">IFIN-HH</subfield></datafield><datafield ind1=" " ind2=" " tag="041"><subfield code="a">fre</subfield></datafield><datafield ind1=" " ind2=" " tag="080"><subfield code="a">535.375</subfield></datafield><datafield ind1="1" ind2=" " tag="100"><subfield code="a">Atabek, Osman</subfield></datafield><datafield ind1="1" ind2="0" tag="245"><subfield code="a">Interactions multicontinuum dans quelques problemes de collisions moleculaires</subfield><subfield code="b">These</subfield><subfield code="c">Osman atabek</subfield></datafield><datafield ind1=" " ind2=" " tag="260"><subfield code="a">Paris</subfield><subfield code="b">L Universite Pierre Et Marie Currie</subfield><subfield code="c">1976</subfield></datafield><datafield ind1=" " ind2=" " tag="300"><subfield code="a">22 P</subfield></datafield><datafield ind1=" " ind2=" " tag="852"><subfield code="a">44911</subfield><subfield code="c">535.37</subfield></datafield><datafield ind1=" " ind2=" " tag="CAT"><subfield code="a">Sys</subfield><subfield code="c">20110426</subfield><subfield code="h">144146</subfield></datafield></record></collection>